<record><leader>00000cas a22000007a 4500</leader><controlfield tag="001">14703355</controlfield><controlfield tag="008">861112d1913191utxucr ne      0    0eng d</controlfield><datafield ind1=" " ind2=" " tag="010"><subfield code="a">sn 86090016 </subfield></datafield><datafield ind1=" " ind2=" " tag="040"><subfield code="a">PPM</subfield><subfield code="b">eng</subfield><subfield code="c">PPM</subfield><subfield code="d">OCLCQ</subfield></datafield><datafield ind1=" " ind2=" " tag="042"><subfield code="a">msc</subfield></datafield><datafield ind1="0" ind2="4" tag="245"><subfield code="a">The twice-a-week Hale County herald.</subfield></datafield><datafield ind1="3" ind2="0" tag="246"><subfield code="a">Hale County herald</subfield></datafield><datafield ind1=" " ind2=" " tag="260"><subfield code="a">Plainview, Tex. :</subfield><subfield code="b">Brown &amp; Miller</subfield></datafield><datafield ind1=" " ind2=" " tag="300"><subfield code="a">v. :</subfield><subfield code="b">ill. ;</subfield><subfield code="c">56 cm.</subfield></datafield><datafield ind1=" " ind2=" " tag="310"><subfield code="a">Semiweekly</subfield></datafield><datafield ind1="0" ind2=" " tag="362"><subfield code="a">Vol. 24, no. 23 (June 3, 1913)-</subfield></datafield><datafield ind1=" " ind2=" " tag="752"><subfield code="a">United States</subfield><subfield code="b">Texas</subfield><subfield code="c">Hale</subfield><subfield code="d">Plainview.</subfield></datafield><datafield ind1="0" ind2=" " tag="775"><subfield code="t">Evening herald (Plainview, Tex.)</subfield><subfield code="w">(DLC)sn 86090034</subfield></datafield><datafield ind1="0" ind2=" " tag="775"><subfield code="t">Plainview evening herald</subfield><subfield code="w">(DLC)sn 86089095</subfield></datafield><datafield ind1="0" ind2="0" tag="780"><subfield code="t">Hale County herald</subfield><subfield code="w">(DLC)sn 86089096</subfield></datafield></record>